@book{harari-sapiens,
  author        = {Yuval Noah Harari},
  title         = {Sapiens: A Brief History of Humankind},
  year          = {2020},
  edition       = {1},
  publisher     = {Companhia das Letras},
}

@book{foucault-vigiar-punir,
  author        = {Michel Foucault},
  title         = {Vigiar e Punir: Nascimento da prisão},
  year          = {2014},
  edition       = {42},
  publisher     = {Vozes},
}

@book{bentham-panoptico,
  author        = {Jeremy Bentham},
  title         = {O Panóptico},
  year          = {2019},
  edition       = {2},
  publisher     = {Autêntica},
}
